@inproceedings{Blei2007,
  title={Supervised {T}opic {M}odels.},
  author={Blei, David M and McAuliffe, Jon D},
  booktitle={NIPS},
  volume={7},
  pages={121--128},
  year={2007}
}