@inproceedings{Blei2007,
  title={Supervised {T}opic {M}odels.},
  author={Blei, David M and McAuliffe, Jon D},
  booktitle={NIPS},
  volume={7},
  pages={121--128},
  year={2007}
}

@article{Blei2003,
  title = {Latent {D}irichlet {A}llocation},
  author={Blei, David M and Ng, Andrew Y and Jordan, Michael I},
  journal = {Journal of Machine Learning Research},
  year={2003},
  pages={993--1022},
  volume={3},
}

@incollection{Porter,
 author = {Porter, M. F.},
 title = {An Algorithm for Suffix Stripping},
 booktitle = {Readings in {I}nformation {R}etrieval},
 editor = {Sparck Jones, Karen and Willett, Peter},
 year = {1997},
 isbn = {1-55860-454-5},
 pages = {313--316},
 numpages = {4},
 url = {http://dl.acm.org/citation.cfm?id=275537.275705},
 acmid = {275705},
 publisher = {Morgan Kaufmann Publishers Inc.},
 address = {San Francisco, CA, USA},
}

@book{Fellbaum,
 author = {Christiane Fellbaum},
 title = {Word{N}et: {A}n {E}lectronic {L}exical {D}atabase},
 publisher = {MIT Press},
 year = {1998},
 address = {Cambridge, MA, USA},
}

@book{Dictionary,
 title = {Webster's {R}evised {U}nabridged {D}ictionary},
 year = {1913},
 publisher = { Merriam-Webster, Inc. },
}

@misc{Lenzo,
 title = {Carnegie Mellon Pronouncing Dictionary},
 author = { Kevin {L}enzo },
 url = { http://www.speech.cs.cmu.edu/cgi-bin/cmudict/ },
 year = { 2007 }
}

@inproceedings{Genzel,
 author = {Genzel, Dmitriy and Uszkoreit, Jakob and Och, Franz},
 title = {"Poetic" {S}tatistical {M}achine {T}ranslation: {R}hyme and {M}eter},
 booktitle = {Proceedings of the 2010 Conference on Empirical Methods in Natural Language Processing},
 series = {EMNLP '10},
 year = {2010},
 location = {Cambridge, Massachusetts},
 pages = {158--166},
 numpages = {9},
 url = {http://dl.acm.org/citation.cfm?id=1870658.1870674},
 acmid = {1870674},
 publisher = {Association for Computational Linguistics},
 address = {Stroudsburg, PA, USA},
}

@MISC{Ratnaparkhi,
    author = {Adwait Ratnaparkhi},
    title = {A {M}aximum {E}ntropy {M}odel for {P}art-{O}f-{S}peech {T}agging},
    institution = { University of Pennsylvania },
    year = {1996}
}

@article{Stein,
 author = {Stein, Benno and Koppel, Moshe and Stamatatos, Efstathios},
 title = {Plagiarism Analysis, Authorship Identification, and Near-duplicate Detection PAN'07},
 journal = {SIGIR Forum},
 issue_date = {December 2007},
 volume = {41},
 number = {2},
 month = dec,
 year = {2007},
 issn = {0163-5840},
 pages = {68--71},
 numpages = {4},
 url = {http://doi.acm.org/10.1145/1328964.1328976},
 doi = {10.1145/1328964.1328976},
 acmid = {1328976},
 publisher = {ACM},
 address = {New York, NY, USA},
} 

